%% Saved with string encoding Unicode (UTF-8)

@book{fowler2003patterns,
  Author =	 {Fowler, M.},
  Date-Added =	 {2012-10-07 21:46:43 +0000},
  Date-Modified ={2012-10-07 21:55:14 +0000},
  Publisher =	 {Addison-Wesley Professional},
  Rating =	 5,
  Read =	 0,
  Title =	 {Patterns of enterprise application architecture},
  Year =	 2003
}

@inproceedings{fernandes2011strict,
  title =	 {Strict serializability is harmless: a new
                  architecture for enterprise applications},
  author =	 {Fernandes, S.M. and Cachopo, J.},
  booktitle =	 {Proceedings of the ACM international conference
                  companion on Object oriented programming systems
                  languages and applications companion},
  pages =	 {257--276},
  year =	 2011,
  organization = {ACM}
}

@article{cachopo2006versioned,
  title =	 {Versioned boxes as the basis for memory
                  transactions},
  author =	 {Cachopo, J. and Rito-Silva, A.},
  journal =	 {Science of Computer Programming},
  volume =	 63,
  number =	 2,
  pages =	 {172--185},
  year =	 2006,
  publisher =	 {Elsevier}
}

@inproceedings{guerraoui2008correctness,
  title =	 {On the correctness of transactional memory},
  author =	 {Guerraoui, R. and Kapalka, M.},
  booktitle =	 {Proceedings of the 13th ACM SIGPLAN Symposium on
                  Principles and practice of parallel programming},
  pages =	 {175--184},
  year =	 2008,
  organization = {ACM}
}

@article{moss2006nested,
  title =	 {Nested transactional memory: model and architecture
                  sketches},
  author =	 {Moss, J.E.B. and Hosking, A.L.},
  journal =	 {Science of Computer Programming},
  volume =	 63,
  number =	 2,
  pages =	 {186--201},
  year =	 2006,
  publisher =	 {Elsevier}
}

@inproceedings{gray1981transaction,
  title =	 {The transaction concept: Virtues and limitations},
  author =	 {Gray, J. and others},
  booktitle =	 {Proceedings of the Very Large Database Conference},
  pages =	 {144--154},
  year =	 1981
}

@book{garcia1987sagas,
  title =	 {Sagas},
  author =	 {Garcia-Molina, H. and Salem, K.},
  volume =	 16,
  number =	 3,
  year =	 1987,
  publisher =	 ACM
}
